<?xml version="1.0" encoding="UTF-8"?><record xmlns="http://www.loc.gov/MARC21/slim" xmlns:cinclude="http://apache.org/cocoon/include/1.0" xmlns:zs="http://www.loc.gov/zing/srw/">
  <leader>00410nz  a2200121n  4500</leader>
  <controlfield tag="001">n  95098917 </controlfield>
  <controlfield tag="003">DLC</controlfield>
  <controlfield tag="005">19951005132954.2</controlfield>
  <controlfield tag="008">951005n| acannaab|          |n ana |||  </controlfield>
  <datafield tag="010" ind1=" " ind2=" ">
    <subfield code="a">n  95098917 </subfield>
  </datafield>
  <datafield tag="040" ind1=" " ind2=" ">
    <subfield code="a">DLC</subfield>
    <subfield code="c">DLC</subfield>
  </datafield>
  <datafield tag="110" ind1="1" ind2="0">
    <subfield code="a">Trinidad and Tobago.</subfield>
    <subfield code="b">Ministry of Finance.</subfield>
    <subfield code="b">Investments Division</subfield>
  </datafield>
  <datafield tag="670" ind1=" " ind2=" ">
    <subfield code="a">Executive report, 1995:</subfield>
    <subfield code="b">last p. (Republic of Trinidad and Tobago, Ministry of Finance, Investments Division)</subfield>
  </datafield>
</record>